
@BOOK{CI,
	title = 	 {Computational intelligence: a logical approach},
	author =	 {David Poole and Alan Mackworth and Randy Goebel},
	year =	 {1998},
	publisher =	{Oxford University Press}
}

@BOOK{ECDF00,
	title = 	 {Evolutionary computation: toward a new philosophy of machine intelligence - 2nd ed.},
	author =	 {David B. Fogel},
	year =	 {2000},
	publisher =	{Institute of Electrical and Electronics Engineers}
}

@BOOK{ECTF,
	title = 	 {Evolutionary Computation - The Fossil Record},
	author =	 {David B. Fogel},
	year =	 {1998},
	address =	{New York}
}

@BOOK{LS,
	title = 	 {Lehrbuch der Stochastik: eine Einführung in die Wahrscheinlichkeitstheorie und die mathematische Statistik},
	author =	 {Kurt Nawrotzki},
	year =	 {1994},
	publisher =	{Harri Deutsche}
}

@BOOK{UZ,
	title = 	 {Überall Zufall: Eine Einführung in die Wahrscheinlichkeitsrechnung},
	author =	 {Erhard Behrends},
	year =	 {1994},
	address =	{Mannheim}
}

@BOOK{WT,
	title = 	 {Wahrscheinlichkeitstheorie},
	edition= {4},
	author =	 {Heinz Bauer},
	year =	 {1991},
	address =	{New York}
}

@BOOK{GADA,
	title = 	 {Genetic Algorithms + Data Structures = Evolution Programs},
	edition= {Third Revision},
	author =	 {Zbigniew Michalewicz},
	year =	 {1996},
	publisher =	{Springer}
}

@BOOK{GP,
	title = 	 {Genetic Programming},
	edition= {4},
	author =	 {John H. Holland}
}

@BOOK{EACD,
	title = 	 {Die Entstehung der Arten},
	author =	 {Charles Darwin},
	year =	 {1963},
	publisher =	{Nikol}
}

@BOOK{LDD_2007,
	title = 	 {Die Lösung von Darwins Dilemma},
	author =	 {Marc W. Kirscher and John C. Gerhart},
	year =	 {2007},
	publisher =	{Rowohlt Taschenbuch Verlag}
}


@BOOK{CTW,
	title = 	 {C++ Entwicklung mit Linux},
	author =	 {Thomas Wieland},
	year =	 {2001},
	publisher =	{dpunkt.verlag}
}

@BOOK{WOBC,
	title = 	 {The Wisdom of the Body},
	author =	 {W.D. Cannon},
	year =	 {1932},
	publisher =	{W.W. Norton},
	address =	{New York}
}

@ARTICLE{CMIT,
	title = 	 {Computing Machinery and Intelligence},
	author =	 {A.M. Turing},
	year =	 {1950},
	journal = {Mind},
	volume = {59},
	page = {433--460}
}

@InProceedings{CE,
	Author =	{Astro Teller and Manuela M. Veloso},
	Title =	 {A Controlled Experiment: Evolution for Learning Difficult Image Classification},
	BookTitle =	 {Proceedings of the Seventh Portuguese Conference on Artificial Intelligence},
	Publisher =	 {Springer Verlag},
	Year =	 {1995},
	Month =	 {October},
	Pages =	 {165-176}
}

@MISC{GEA,
	title = 	 {Genetische und Evolutionäre Algorithmen},
	address =	{Universität Mannheim Lehrstuhl für ABWL und Wirtschaftsinformatik,Künstliche Intelligenz},
	year =	 {WS 2002/03},
	howpublished={\url{http://www.bwl.uni-mannheim.de/Heinzl/de/downloads/ki-kapitel-4-6.pdf}}
}

@MISC{projBildf,
	title = 	 {Projekt Bildformate},
	author =	 {Paula Pfiester and Nina Tretter and Tina Koppenhöfer and Matthias Ecker and Projektbetreuerin Annett Steiner},
	year =	 {10.2001-2.2002},
  howpublished={\url{http://www.scheib.info/downloads/Projekt_Bildformate.pdf}}

}

@MISC{EeS,
	title = 	 {Einführung in elementare Stochastik -Wahrscheinlichkeitsrechnung und Statistik -
	Angewandte Mathematik für das Lehramt an Grund- und Mittelstufe sowie an Sonderschulen},
	author =	 {Bodo Werner},
	year =	 {WS 2002/2003},
	howpublished={\url{http://www.math.uni-hamburg.de/home/werner/Stochastik.pdf}}
}

@MISC{ESF,
  title = 	 {Skript zur Vorlesung: Einführung in die Stochastik der Finanzmärkte: Stochastische Prozesse, Simulation und Anwendungen},
  author =	 {Friedrich Schmid and Mark Trede},
	year =	 {SS 2000},
  howpublished={\url{http://www.wiwi.uni-muenster.de/~05/hauptstudium/vorlesungen/stofin/stofin.pdf}}
}

@MISC{GPFD,
	title = 	 {Genetic Programming for Feature Discovery and Image Discrimination
	Walter Alden Tackett},
	address =	 {University of Southern California, Dept. of EE Systems and Hughes Missile Systems Co.
	Mailing Address: 8433 Fallbrook Ave, Canoga Park Ca, 91304},
	howpublished={\url{http://citeseer.ist.psu.edu/tackett93genetic.html}}
}

@MISC{AEFR,
	title = 	 {Algorithm Evolution for Face Recognition: What Makes a Picture Difficult},
	author =	 {Astro Teller and Manuela Veloso},
	address =	 {Computer Science Department Carnegie Mellon University Pittsburgh, PA 15213},
	howpublished={\url{http://www.cs.cmu.edu/~mmv/papers/tellerICEC95.pdf}}
}

@MISC{Genocop,
	title = 	 {Genocop -- Optimization via Genetic Algorithms},
	author =	 {Zbigniew Michalewicz},
	howpublished={\url{http://www.cs.sunysb.edu/~algorith/implement/genocop/implement.shtml}}
}

@MISC{HHGuideEC,
	title = 	 {The hitch-Hiker's Guide to Evolutionary Computation},
	author =	 {Jörg Heitkötter and David Beasley},
	address =	 {D-44227 Dortmund and Bath UK},
	howpublished={\url{http://surf.de.uu.net/hhg2ec/}}
}

@MISC{genTrans,
	title = 	 {Einführung in die Mikrobiologie},
	howpublished={\url{http://www.biologie.hu-berlin.de/~baktgen/texte/Vorlesungen/Mikro/3_gen_trans.pdf}}
}


@BOOK{HKI2003,
	title = 	 {Handbuch der Künstlichen Intelligenz},
	edition= {4},
	isbn= {3-486-27212-8},
	author =	 {Günther Görz and  Claus-Rainer Rollinger and Josef Schneeberger},
	year =	 {2003},
	publisher =	{Oldenbourg Verlag München Wien},
	address =	{Oldenbourg Wissenschaftsverlag GmbH; Rosenheimer Str. 145; D-81671 München}
}

@BOOK{CgBv2007,
	title = 	 {Computergrafik und Bildverarbeitung},
	edition= {2},
	isbn= {978-3-8348-0186-9},
	author =	 {A. Nischwitz and M. Fischer and P. Haberäcker},
	year =	 {2007},
	publisher =	{Friedr. Vieweg und Sohn Verlag; GWV Fachverlag GmbH, Wiesbaden 2007}
}

@BOOK{VSys2003,
	title = 	 {Verteilte Systeme},
	edition= {1},
	isbn= {978-3827370570},
	author =	 {Andrew S. Tanenbaum and Maarten van Steen},
	year =	 {2003},
	publisher =	{Pearson Education Deutschland GmbH}
	address =	{Martin-Kollar-Str. 10-12, D-81829 München}
}

@BOOK{SEngPP2005,
	title = 	 {Software Engineering - A Practitioner's Approach},
	edition= {6},
	isbn= {007-123840-9},
	author =	 {Roger S. Pressman},
	year =	 {2005},
	publisher =	{McGraw-Hill}
	address =	{1221 Avenue of the Americas, New York, NY 10020}
}

@BOOK{CPPPR2004,
	title = 	 {C++ Die professionelle Referenz},
	edition= {1},
	isbn= {3-8266-1367-8},
	author =	 {Herbert Schildt},
	year =	 {2004},
	publisher =	{Osborne/McGraw-Hill}
}

@BOOK{CC2004,
	title = 	 {Code Complete},
	edition= {2},
	isbn= {3-86063-593-X},
	author =	 {Steve McConnell},
	year =	 {2004},
	publisher =	{Microsoft Press Deutschland}
}

@BOOK{Russell2003,
	author = {Stuart Russell and Peter Norvig},
	edition = {2nd edition},
	isbn= {0137903952 or (ISBN-13) 978-0137903955},
	publisher = {Prentice-Hall, Englewood Cliffs, NJ},
	title = {Artificial Intelligence: A Modern Approach},
	year = 2003,
}


